@ARTICLE{mergers,
   author = {{Beckman}, J. and {Carretero}, C. and {Vazdekis}, A.},
    title = "{The Role of Mergers in Galaxy Evolution}",
  journal = {Chinese Journal of Astronomy and Astrophysics Supplement},
 keywords = {Galaxies, mergers, chemical diagnostics},
     year = 2008,
    month = oct,
   volume = 8,
    pages = {77-83},
   adsurl = {http://adsabs.harvard.edu/abs/2008ChJAS...8...77B},
  adsnote = {Provided by the SAO/NASA Astrophysics Data System}
}

@ARTICLE{2008MNRAS,
       author = {{Lotz}, Jennifer M. and {Jonsson}, Patrik and {Cox}, T.~J. and
         {Primack}, Joel R.},
        title = "{Galaxy merger morphologies and time-scales from simulations of equal-mass gas-rich disc mergers}",
      journal = {Monthly Notices of the Royal Astronomical Society},
     keywords = {galaxies: evolution, galaxies: interactions, galaxies: structure, Astrophysics},
         year = "2008",
        month = "Dec",
       volume = {391},
       number = {3},
        pages = {1137-1162},
          doi = {10.1111/j.1365-2966.2008.14004.x},
archivePrefix = {arXiv},
       eprint = {0805.1246},
 primaryClass = {astro-ph},
       adsurl = {https://ui.adsabs.harvard.edu/abs/2008MNRAS.391.1137L},
      adsnote = {Provided by the SAO/NASA Astrophysics Data System}
}


@ARTICLE{2008ApJ,
       author = {{Lin}, Lihwai and {Patton}, David R. and {Koo}, David C. and
         {Casteels}, Kevin and {Conselice}, Christopher J. and {Faber}, S.~M. and
         {Lotz}, Jennifer and {Willmer}, Christopher N.~A. and {Hsieh}, B.~C. and
         {Chiueh}, Tzihong and {Newman}, Jeffrey A. and {Novak}, Gregory S. and
         {Weiner}, Benjamin J. and {Cooper}, Michael C.},
        title = "{The Redshift Evolution of Wet, Dry, and Mixed Galaxy Mergers from Close Galaxy Pairs in the DEEP2 Galaxy Redshift Survey}",
      journal = {Astrophysical Jounral},
     keywords = {galaxies: evolution, galaxies: interactions, large-scale structure of universe, Astrophysics},
         year = "2008",
        month = "Jul",
       volume = {681},
       number = {1},
        pages = {232-243},
          doi = {10.1086/587928},
archivePrefix = {arXiv},
       eprint = {0802.3004},
 primaryClass = {astro-ph},
       adsurl = {https://ui.adsabs.harvard.edu/abs/2008ApJ...681..232L},
      adsnote = {Provided by the SAO/NASA Astrophysics Data System}
}


